<record><leader>00000cas a22000007a 4500</leader><controlfield tag="001">26193470</controlfield><controlfield tag="008">920715d18521852mausr ne      0    0eng d</controlfield><datafield ind1=" " ind2=" " tag="010"><subfield code="a">sn 92057026 </subfield></datafield><datafield ind1=" " ind2=" " tag="040"><subfield code="a">MGN</subfield><subfield code="b">eng</subfield><subfield code="c">MGN</subfield><subfield code="d">HUL</subfield><subfield code="d">OCL</subfield><subfield code="d">OCLCQ</subfield><subfield code="d">OCLCF</subfield><subfield code="d">OCLCO</subfield></datafield><datafield ind1="1" ind2=" " tag="029"><subfield code="a">AU@</subfield><subfield code="b">000020229044</subfield></datafield><datafield ind1=" " ind2=" " tag="042"><subfield code="a">msc</subfield></datafield><datafield ind1=" " ind2=" " tag="043"><subfield code="a">n-us-ma</subfield></datafield><datafield ind1="0" ind2="4" tag="245"><subfield code="a">The Mercury and spirit of the times.</subfield></datafield><datafield ind1=" " ind2=" " tag="260"><subfield code="a">Groton, Mass. :</subfield><subfield code="b">Geo. H. Brown</subfield></datafield><datafield ind1=" " ind2=" " tag="300"><subfield code="a">v.</subfield></datafield><datafield ind1=" " ind2=" " tag="310"><subfield code="a">Semimonthly</subfield></datafield><datafield ind1="0" ind2=" " tag="362"><subfield code="a">Vol. 3 [sic], no. 1 (Sept. 15, 1852)-v. 3, no. 3 (Oct. 30, 1852).</subfield></datafield><datafield ind1=" " ind2="0" tag="651"><subfield code="a">Groton (Mass.)</subfield><subfield code="v">Newspapers.</subfield></datafield><datafield ind1=" " ind2="7" tag="655"><subfield code="a">Newspapers.</subfield><subfield code="2">fast</subfield><subfield code="0">(OCoLC)fst01423814</subfield></datafield><datafield ind1=" " ind2="7" tag="651"><subfield code="a">Massachusetts</subfield><subfield code="z">Groton.</subfield><subfield code="2">fast</subfield><subfield code="0">(OCoLC)fst01263070</subfield></datafield><datafield ind1=" " ind2=" " tag="752"><subfield code="a">United States</subfield><subfield code="b">Massachusetts</subfield><subfield code="c">Middlesex</subfield><subfield code="d">Groton.</subfield></datafield><datafield ind1="0" ind2="0" tag="780"><subfield code="t">Groton Mercury</subfield><subfield code="w">(DLC)sn 83020046</subfield></datafield><datafield ind1="0" ind2="0" tag="785"><subfield code="t">Groton Mercury, spirit of the times</subfield><subfield code="w">(DLC)sn 92057027</subfield></datafield><datafield ind1=" " ind2=" " tag="850"><subfield code="a">MH</subfield></datafield></record>